@ARTICLE{Abadie2010,
   author = {{Abadie}, J. and {Abbott}, B.~P. and {Abbott}, R. and {Abernathy}, M. and 
	{Accadia}, T. and {Acernese}, F. and {Adams}, C. and {Adhikari}, R. and 
	{Ajith}, P. and {Allen}, B. and et al.},
    title = "{TOPICAL REVIEW:  Predictions for the rates of compact binary coalescences observable by ground-based gravitational-wave detectors}",
  journal = {Classical and Quantum Gravity},
   eprint = {arXiv:1003.2480},
 primaryClass = "astro-ph.HE",
     year = 2010,
    month = sep,
   volume = 27,
   number = 17,
    pages = {173001},
      doi = {10.1088/0264-9381/27/17/173001},
   adsurl = {http://adsabs.harvard.edu/abs/2010CQGra..27q3001A},
  adsnote = {Provided by the SAO/NASA Astrophysics Data System}
}

@ARTICLE{Banerjee2010,
   author = {{Banerjee}, S. and {Baumgardt}, H. and {Kroupa}, P.},
    title = "{Stellar-mass black holes in star clusters: implications for gravitational wave radiation}",
  journal = {\mnras},
   eprint = {arXiv:0910.3954},
 primaryClass = "astro-ph.SR",
 keywords = {black hole physics, gravitational waves, scattering, stellar dynamics, methods: N-body simulations, galaxies: star clusters},
     year = 2010,
    month = feb,
   volume = 402,
    pages = {371-380},
      doi = {10.1111/j.1365-2966.2009.15880.x},
   adsurl = {http://adsabs.harvard.edu/abs/2010MNRAS.402..371B},
  adsnote = {Provided by the SAO/NASA Astrophysics Data System}
}

@ARTICLE{Barnard2011,
   author = {{Barnard}, R. and {Garcia}, M. and {Li}, Z. and {Primini}, F. and 
	{Murray}, S.~S.},
    title = "{Four New Black Hole Candidates Identified in M31 Globular Clusters with Chandra and XMM-Newton}",
  journal = {\apj},
   eprint = {arXiv:1104.0860},
 primaryClass = "astro-ph.HE",
 keywords = {black hole physics, galaxies: individual: M31, globular clusters: general, X-rays: binaries, X-rays: general},
     year = 2011,
    month = jun,
   volume = 734,
      eid = {79},
    pages = {79},
      doi = {10.1088/0004-637X/734/2/79},
   adsurl = {http://adsabs.harvard.edu/abs/2011ApJ...734...79B},
  adsnote = {Provided by the SAO/NASA Astrophysics Data System}
}

@ARTICLE{Belczynski2002,
   author = {{Belczynski}, K. and {Kalogera}, V. and {Bulik}, T.},
    title = "{A Comprehensive Study of Binary Compact Objects as Gravitational Wave Sources: Evolutionary Channels, Rates, and Physical Properties}",
  journal = {\apj},
   eprint = {arXiv:astro-ph/0111452},
 keywords = {Stars: Binaries: Close, Black Hole Physics, Gravitational Waves, Stars: Evolution, Stars: Neutron},
     year = 2002,
    month = jun,
   volume = 572,
    pages = {407-431},
      doi = {10.1086/340304},
   adsurl = {http://adsabs.harvard.edu/abs/2002ApJ...572..407B},
  adsnote = {Provided by the SAO/NASA Astrophysics Data System}
}

@ARTICLE{Belczynski2004,
   author = {{Belczynski}, K. and {Sadowski}, A. and {Rasio}, F.~A.},
    title = "{A Comprehensive Study of Young Black Hole Populations}",
  journal = {\apj},
   eprint = {arXiv:astro-ph/0404068},
 keywords = {Stars: Binaries: Close, Black Hole Physics, Gravitational Waves, Stars: Evolution},
     year = 2004,
    month = aug,
   volume = 611,
    pages = {1068-1079},
      doi = {10.1086/422191},
   adsurl = {http://adsabs.harvard.edu/abs/2004ApJ...611.1068B},
  adsnote = {Provided by the SAO/NASA Astrophysics Data System}
}	

@ARTICLE{Brassington2010,
   author = {{Brassington}, N.~J. and {Fabbiano}, G. and {Blake}, S. and 
	{Zezas}, A. and {Angelini}, L. and {Davies}, R.~L. and {Gallagher}, J. and 
	{Kalogera}, V. and {Kim}, D.-W. and {King}, A.~R. and {Kundu}, A. and 
	{Trinchieri}, G. and {Zepf}, S.},
    title = "{The X-ray Spectra of the Luminous LMXBs in NGC 3379: Field and Globular Cluster Sources}",
  journal = {\apj},
   eprint = {arXiv:1003.3236},
 primaryClass = "astro-ph.CO",
 keywords = {galaxies: individual: NGC 3379, X-rays: binaries, X-rays: galaxies},
     year = 2010,
    month = dec,
   volume = 725,
    pages = {1805-1823},
      doi = {10.1088/0004-637X/725/2/1805},
   adsurl = {http://adsabs.harvard.edu/abs/2010ApJ...725.1805B},
  adsnote = {Provided by the SAO/NASA Astrophysics Data System}
}

@ARTICLE{Breen2013,
   author = {{Breen}, P.~G. and {Heggie}, D.~C.},
    title = "{Dynamical evolution of black hole subsystems in idealized star clusters}",
  journal = {\mnras},
archivePrefix = "arXiv",
   eprint = {1304.3401},
 primaryClass = "astro-ph.GA",
 keywords = {methods: numerical, globular clusters: general},
     year = 2013,
    month = jul,
   volume = 432,
    pages = {2779-2797},
      doi = {10.1093/mnras/stt628},
   adsurl = {http://adsabs.harvard.edu/abs/2013MNRAS.432.2779B},
  adsnote = {Provided by the SAO/NASA Astrophysics Data System}
}

@ARTICLE{Chatterjee2010,
   author = {{Chatterjee}, S. and {Fregeau}, J.~M. and {Umbreit}, S. and 
	{Rasio}, F.~A.},
    title = "{Monte Carlo Simulations of Globular Cluster Evolution. V. Binary Stellar Evolution}",
  journal = {\apj},
   eprint = {arXiv:0912.4682},
 primaryClass = "astro-ph.GA",
 keywords = {binaries: general, blue stragglers, Galaxy: kinematics and dynamics, globular clusters: general, methods: numerical},
     year = 2010,
    month = aug,
   volume = 719,
    pages = {915-930},
      doi = {10.1088/0004-637X/719/1/915},
   adsurl = {http://adsabs.harvard.edu/abs/2010ApJ...719..915C},
  adsnote = {Provided by the SAO/NASA Astrophysics Data System}
}


@ARTICLE{Chomiuk2013,
   author = {{Chomiuk}, L. and {Strader}, J. and {Maccarone}, T.~J. and {Miller-Jones}, J.~C.~A. and 
	{Heinke}, C. and {Noyola}, E. and {Seth}, A.~C. and {Ransom}, S.
	},
    title = "{A Radio-selected Black Hole X-Ray Binary Candidate in the Milky Way Globular Cluster M62}",
  journal = {\apj},
archivePrefix = "arXiv",
   eprint = {1306.6624},
 primaryClass = "astro-ph.HE",
 keywords = {black hole physics, globular clusters: individual: M62, radio continuum: general, X-rays: general },
     year = 2013,
    month = nov,
   volume = 777,
      eid = {69},
    pages = {69},
      doi = {10.1088/0004-637X/777/1/69},
   adsurl = {http://adsabs.harvard.edu/abs/2013ApJ...777...69C},
  adsnote = {Provided by the SAO/NASA Astrophysics Data System}
}


@ARTICLE{Downing2011b,
   author = {{Downing}, J.~M.~B. and {Benacquista}, M.~J. and {Giersz}, M. and 
	{Spurzem}, R.},
    title = "{Compact binaries in star clusters - II. Escapers and detection rates}",
  journal = {\mnras},
   eprint = {arXiv:1008.5060},
 primaryClass = "astro-ph.GA",
 keywords = {gravitational waves, binaries: close, globular clusters: general, galaxies: star clusters: general},
     year = 2011,
    month = sep,
   volume = 416,
    pages = {133-147},
      doi = {10.1111/j.1365-2966.2011.19023.x},
   adsurl = {http://adsabs.harvard.edu/abs/2011MNRAS.416..133D},
  adsnote = {Provided by the SAO/NASA Astrophysics Data System}
}

@ARTICLE{Downing2010a,
   author = {{Downing}, J.~M.~B. and {Benacquista}, M.~J. and {Giersz}, M. and 
	{Spurzem}, R.},
    title = "{Compact binaries in star clusters - I. Black hole binaries inside globular clusters}",
  journal = {\mnras},
   eprint = {arXiv:0910.0546},
 primaryClass = "astro-ph.SR",
 keywords = {gravitational waves, binaries: close, globular clusters: general},
     year = 2010,
    month = sep,
   volume = 407,
    pages = {1946-1962},
      doi = {10.1111/j.1365-2966.2010.17040.x},
   adsurl = {http://adsabs.harvard.edu/abs/2010MNRAS.407.1946D},
  adsnote = {Provided by the SAO/NASA Astrophysics Data System}
}

@ARTICLE{Farr2007,
   author = {{Farr}, W.~M. and {Bertschinger}, E.},
    title = "{Variational Integrators for the Gravitational N-Body Problem}",
  journal = {\apj},
   eprint = {arXiv:astro-ph/0611416},
 keywords = {Methods: n-Body Simulations, Methods: Numerical},
     year = 2007,
    month = jul,
   volume = 663,
    pages = {1420-1433},
      doi = {10.1086/518641},
   adsurl = {http://adsabs.harvard.edu/abs/2007ApJ...663.1420F},
  adsnote = {Provided by the SAO/NASA Astrophysics Data System}
}

@ARTICLE{Fregeau2003,
   author = {{Fregeau}, J.~M. and {G{\"u}rkan}, M.~A. and {Joshi}, K.~J. and 
	{Rasio}, F.~A.},
    title = "{Monte Carlo Simulations of Globular Cluster Evolution. III. Primordial Binary Interactions}",
  journal = {\apj},
   eprint = {arXiv:astro-ph/0301521},
 keywords = {Celestial Mechanics, Galaxy: Globular Clusters: General, Methods: Numerical, Stellar Dynamics},
     year = 2003,
    month = aug,
   volume = 593,
    pages = {772-787},
      doi = {10.1086/376593},
   adsurl = {http://adsabs.harvard.edu/abs/2003ApJ...593..772F},
  adsnote = {Provided by the SAO/NASA Astrophysics Data System}
}

@ARTICLE{Fregeau2004,
   author = {{Fregeau}, J.~M. and {Cheung}, P. and {Portegies Zwart}, S.~F. and 
	{Rasio}, F.~A.},
    title = "{Stellar collisions during binary-binary and binary-single star interactions}",
  journal = {\mnras},
   eprint = {arXiv:astro-ph/0401004},
 keywords = {stellar dynamics, methods: N-body simulations, methods: numerical, binaries: close, blue stragglers, globular clusters: general},
     year = 2004,
    month = jul,
   volume = 352,
    pages = {1-19},
      doi = {10.1111/j.1365-2966.2004.07914.x},
   adsurl = {http://adsabs.harvard.edu/abs/2004MNRAS.352....1F},
  adsnote = {Provided by the SAO/NASA Astrophysics Data System}
}

@ARTICLE{Fregeau2007,
   author = {{Fregeau}, J.~M. and {Rasio}, F.~A.},
    title = "{Monte Carlo Simulations of Globular Cluster Evolution. IV. Direct Integration of Strong Interactions}",
  journal = {\apj},
   eprint = {arXiv:astro-ph/0608261},
 keywords = {Galaxy: Globular Clusters: General, Methods: Numerical, Stellar Dynamics},
     year = 2007,
    month = apr,
   volume = 658,
    pages = {1047-1061},
      doi = {10.1086/511809},
   adsurl = {http://adsabs.harvard.edu/abs/2007ApJ...658.1047F},
  adsnote = {Provided by the SAO/NASA Astrophysics Data System}
}

@ARTICLE{Fryer2001,
   author = {{Fryer}, C.~L. and {Kalogera}, V.},
    title = "{Theoretical Black Hole Mass Distributions}",
  journal = {\apj},
   eprint = {astro-ph/9911312},
 keywords = {Stars: Binaries: General, Black Hole Physics, Stars: Evolution, Stars: Mass Loss, Stars: Neutron, Stars: Supernovae: General},
     year = 2001,
    month = jun,
   volume = 554,
    pages = {548-560},
      doi = {10.1086/321359},
   adsurl = {http://adsabs.harvard.edu/abs/2001ApJ...554..548F},
  adsnote = {Provided by the SAO/NASA Astrophysics Data System}
}


@ARTICLE{Giersz2008,
   author = {{Giersz}, M. and {Heggie}, D.~C. and {Hurley}, J.~R.},
    title = "{Monte Carlo simulations of star clusters - IV. Calibration of the Monte Carlo code and comparison with observations for the open cluster M67}",
  journal = {\mnras},
   eprint = {arXiv:0801.3968},
 keywords = {stellar dynamics , methods: numerical , binaries: general , stars: evolution , open clusters and associations: individual: M67},
     year = 2008,
    month = jul,
   volume = 388,
    pages = {429-443},
      doi = {10.1111/j.1365-2966.2008.13407.x},
   adsurl = {http://adsabs.harvard.edu/abs/2008MNRAS.388..429G},
  adsnote = {Provided by the SAO/NASA Astrophysics Data System}
}

@ARTICLE{Gnedin1997,
   author = {{Gnedin}, O.~Y. and {Ostriker}, J.~P.},
    title = "{Destruction of the Galactic Globular Cluster System}",
  journal = {\apj},
   eprint = {astro-ph/9603042},
 keywords = {Celestial Mechanics, Stellar Dynamics, Galaxy: Kinematics and Dynamics, Galaxy: Globular Clusters: General},
     year = 1997,
    month = jan,
   volume = 474,
    pages = {223-255},
   adsurl = {http://adsabs.harvard.edu/abs/1997ApJ...474..223G},
  adsnote = {Provided by the SAO/NASA Astrophysics Data System}
}

@ARTICLE{Goodman1993,
   author = {{Goodman}, J. and {Hut}, P.},
    title = "{Binary-single-star scattering. V - Steady state binary distribution in a homogeneous static background of single stars}",
  journal = {\apj},
 keywords = {BINARY STARS, STAR CLUSTERS, STELLAR PHYSICS, ASTRONOMICAL MODELS, COMPUTATIONAL ASTROPHYSICS, FOKKER-PLANCK EQUATION, PROBABILITY DISTRIBUTION FUNCTIONS, STELLAR MASS},
     year = 1993,
    month = jan,
   volume = 403,
    pages = {271-277},
      doi = {10.1086/172200},
   adsurl = {http://adsabs.harvard.edu/abs/1993ApJ...403..271G},
  adsnote = {Provided by the SAO/NASA Astrophysics Data System}
}

@ARTICLE{Harris1996,
   author = {{Harris}, W.~E.},
    title = "{Globular Clusters in the Milky Way (Harris, 1996)}",
  journal = {VizieR Online Data Catalog},
 keywords = {Clusters: globular},
     year = 1996,
    month = nov,
   volume = 7195,
    pages = {0},
   adsurl = {http://adsabs.harvard.edu/abs/1996yCat.7195....0H},
  adsnote = {Provided by the SAO/NASA Astrophysics Data System}
}


@ARTICLE{HarryLIGO2010,
   author = {{Harry}, G.~M. and others},
    title = "{Advanced LIGO: the next generation of gravitational wave detectors}",
  journal = {Classical and Quantum Gravity},
     year = 2010,
    month = apr,
   volume = 27,
   number = 8,
    pages = {084006},
      doi = {10.1088/0264-9381/27/8/084006},
   adsurl = {http://adsabs.harvard.edu/abs/2010CQGra..27h4006H},
  adsnote = {Provided by the SAO/NASA Astrophysics Data System}
}

@ARTICLE{Heggie1975,
   author = {{Heggie}, D.~C.},
    title = "{Binary evolution in stellar dynamics}",
  journal = {\mnras},
 keywords = {BINARY STARS, MANY BODY PROBLEM, STELLAR EVOLUTION, EQUATIONS OF MOTION, KINETIC ENERGY, NUMERICAL INTEGRATION, STELLAR MOTIONS},
     year = 1975,
    month = dec,
   volume = 173,
    pages = {729-787},
   adsurl = {http://adsabs.harvard.edu/abs/1975MNRAS.173..729H},
  adsnote = {Provided by the SAO/NASA Astrophysics Data System}
}

@BOOK{HeggieHut2003,
   author = {{Heggie}, D. and {Hut}, P.},
    title = "{The Gravitational Million-Body Problem: A Multidisciplinary Approach to Star Cluster Dynamics}",
publisher = {Cambridge University Press},
     year = 2003,
    month = feb,
   adsurl = {http://adsabs.harvard.edu/abs/2003gmbp.book.....H},
  adsnote = {Provided by the SAO/NASA Astrophysics Data System}
}

@ARTICLE{Henon1971a,
   author = {{H{\'e}non}, M.~H.},
    title = "{The Monte Carlo Method (Papers appear in the Proceedings of IAU Colloquium No. 10 Gravitational N-Body Problem (ed. by Myron Lecar), R. Reidel Publ. Co. , Dordrecht-Holland.)}",
  journal = {\apss},
     year = 1971,
    month = nov,
   volume = 14,
    pages = {151-167},
      doi = {10.1007/BF00649201},
   adsurl = {http://adsabs.harvard.edu/abs/1971Ap%26SS..14..151H},
  adsnote = {Provided by the SAO/NASA Astrophysics Data System}
}

@ARTICLE{Hurley2000,
   author = {{Hurley}, J.~R. and {Pols}, O.~R. and {Tout}, C.~A.},
    title = "{Comprehensive analytic formulae for stellar evolution as a function of mass and metallicity}",
  journal = {\mnras},
   eprint = {arXiv:astro-ph/0001295},
 keywords = {METHODS: ANALYTICAL, STARS: EVOLUTION, STARS: FUNDAMENTAL PARAMETERS, STARS: MASS-LOSS, STARS: POPULATION II, GALAXIES: STELLAR CONTENT},
     year = 2000,
    month = jul,
   volume = 315,
    pages = {543-569},
      doi = {10.1046/j.1365-8711.2000.03426.x},
   adsurl = {http://adsabs.harvard.edu/abs/2000MNRAS.315..543H},
  adsnote = {Provided by the SAO/NASA Astrophysics Data System}
}

@ARTICLE{Hurley2002,
   author = {{Hurley}, J.~R. and {Tout}, C.~A. and {Pols}, O.~R.},
    title = "{Evolution of binary stars and the effect of tides on binary populations}",
  journal = {\mnras},
   eprint = {arXiv:astro-ph/0201220},
 keywords = {METHODS: ANALYTICAL, METHODS: STATISTICAL, BINARIES: GENERAL, STARS: EVOLUTION, STARS: VARIABLES: OTHER, GALAXIES: STELLAR CONTENT},
     year = 2002,
    month = feb,
   volume = 329,
    pages = {897-928},
      doi = {10.1046/j.1365-8711.2002.05038.x},
   adsurl = {http://adsabs.harvard.edu/abs/2002MNRAS.329..897H},
  adsnote = {Provided by the SAO/NASA Astrophysics Data System}
}

@ARTICLE{Ivanova2005,
   author = {{Ivanova}, N. and {Belczynski}, K. and {Fregeau}, J.~M. and 
	{Rasio}, F.~A.},
    title = "{The evolution of binary fractions in globular clusters}",
  journal = {\mnras},
   eprint = {arXiv:astro-ph/0501131},
 keywords = {stellar dynamics, methods: N-body simulations, binaries: close, binaries: general, globular clusters: general, globular clusters: individual: NGC 104 (47 Tucanae)},
     year = 2005,
    month = apr,
   volume = 358,
    pages = {572-584},
      doi = {10.1111/j.1365-2966.2005.08804.x},
   adsurl = {http://adsabs.harvard.edu/abs/2005MNRAS.358..572I},
  adsnote = {Provided by the SAO/NASA Astrophysics Data System}
}

@ARTICLE{Ivanova2010,
   author = {{Ivanova}, N. and {Chaichenets}, S. and {Fregeau}, J. and {Heinke}, C.~O. and 
	{Lombardi}, Jr., J.~C. and {Woods}, T.~E.},
    title = "{Formation of Black Hole X-ray Binaries in Globular Clusters}",
  journal = {\apj},
   eprint = {arXiv:1001.1767},
 primaryClass = "astro-ph.HE",
 keywords = {galaxies: star clusters: general, stars: kinematics and dynamics, X-rays: binaries},
     year = 2010,
    month = jul,
   volume = 717,
      eid = {948},
    pages = {948-957},
      doi = {10.1088/0004-637X/717/2/948},
   adsurl = {http://adsabs.harvard.edu/abs/2010ApJ...717..948I},
  adsnote = {Provided by the SAO/NASA Astrophysics Data System}
}

@ARTICLE{Joshi2000,
   author = {{Joshi}, K.~J. and {Rasio}, F.~A. and {Portegies Zwart}, S.},
    title = "{Monte Carlo Simulations of Globular Cluster Evolution. I. Method and Test Calculations}",
  journal = {\apj},
   eprint = {arXiv:astro-ph/9909115},
 keywords = {Celestial Mechanics, Stellar Dynamics, Galaxy: Globular Clusters: General, Methods: n-Body Simulations, Methods: Numerical},
     year = 2000,
    month = sep,
   volume = 540,
    pages = {969-982},
      doi = {10.1086/309350},
   adsurl = {http://adsabs.harvard.edu/abs/2000ApJ...540..969J},
  adsnote = {Provided by the SAO/NASA Astrophysics Data System}
}

@ARTICLE{Joshi2001,
   author = {{Joshi}, K.~J. and {Nave}, C.~P. and {Rasio}, F.~A.},
    title = "{Monte Carlo Simulations of Globular Cluster Evolution. II. Mass Spectra, Stellar Evolution, and Lifetimes in the Galaxy}",
  journal = {\apj},
 keywords = {Celestial Mechanics, Stellar Dynamics, Galaxy: Globular Clusters: General, Methods: Numerical},
     year = 2001,
    month = apr,
   volume = 550,
    pages = {691-702},
      doi = {10.1086/319771},
   adsurl = {http://adsabs.harvard.edu/abs/2001ApJ...550..691J},
  adsnote = {Provided by the SAO/NASA Astrophysics Data System}
}

@ARTICLE{Kalogera2004,
   author = {{Kalogera}, V. and {King}, A.~R. and {Rasio}, F.~A.},
    title = "{Could Black Hole X-Ray Binaries Be Detected in Globular Clusters?}",
  journal = {\apjl},
   eprint = {arXiv:astro-ph/0308485},
 keywords = {Accretion, Accretion Disks, Stars: Binaries: Close, Black Hole Physics, Galaxy: Globular Clusters: General, Stellar Dynamics},
     year = 2004,
    month = feb,
   volume = 601,
    pages = {L171-L174},
      doi = {10.1086/382042},
   adsurl = {http://adsabs.harvard.edu/abs/2004ApJ...601L.171K},
  adsnote = {Provided by the SAO/NASA Astrophysics Data System}
}

@ARTICLE{Kroupa2001,
   author = {{Kroupa}, P.},
    title = "{On the variation of the initial mass function}",
  journal = {\mnras},
   eprint = {arXiv:astro-ph/0009005},
 keywords = {BINARIES: GENERAL, STARS: FORMATION, STARS: KINEMATICS, STARS: LUMINOSITY FUNCTION, MASS FUNCTION, GLOBULAR CLUSTERS: GENERAL, OPEN CLUSTERS AND ASSOCIATIONS: GENERAL},
     year = 2001,
    month = apr,
   volume = 322,
    pages = {231-246},
      doi = {10.1046/j.1365-8711.2001.04022.x},
   adsurl = {http://adsabs.harvard.edu/abs/2001MNRAS.322..231K},
  adsnote = {Provided by the SAO/NASA Astrophysics Data System}
}

@ARTICLE{Kulkarni1993,
   author = {{Kulkarni}, S.~R. and {Hut}, P. and {McMillan}, S.},
    title = "{Stellar black holes in globular clusters}",
  journal = {\nat},
 keywords = {BLACK HOLES (ASTRONOMY), GLOBULAR CLUSTERS, NEUTRON STARS, X RAY BINARIES, STELLAR CORES, STELLAR MASS ACCRETION, X RAY SPECTRA},
     year = 1993,
    month = jul,
   volume = 364,
    pages = {421-423},
      doi = {10.1038/364421a0},
   adsurl = {http://adsabs.harvard.edu/abs/1993Natur.364..421K},
  adsnote = {Provided by the SAO/NASA Astrophysics Data System}
}

@ARTICLE{MaccaroneNature2007,
   author = {{Maccarone}, T.~J. and {Kundu}, A. and {Zepf}, S.~E. and {Rhode}, K.~L.
	},
    title = "{A black hole in a globular cluster}",
  journal = {\nat},
   eprint = {arXiv:astro-ph/0701310},
     year = 2007,
    month = jan,
   volume = 445,
    pages = {183-185},
      doi = {10.1038/nature05434},
   adsurl = {http://adsabs.harvard.edu/abs/2007Natur.445..183M},
  adsnote = {Provided by the SAO/NASA Astrophysics Data System}
}

@ARTICLE{Maccarone2011,
   author = {{Maccarone}, T.~J. and {Kundu}, A. and {Zepf}, S.~E. and {Rhode}, K.~L.
	},
    title = "{A new globular cluster black hole in NGC 4472}",
  journal = {\mnras},
   eprint = {arXiv:1008.2896},
 primaryClass = "astro-ph.HE",
 keywords = {binaries: general, stars: kinematics and dynamics, globular clusters: general},
     year = 2011,
    month = jan,
   volume = 410,
    pages = {1655-1659},
      doi = {10.1111/j.1365-2966.2010.17547.x},
   adsurl = {http://adsabs.harvard.edu/abs/2011MNRAS.410.1655M},
  adsnote = {Provided by the SAO/NASA Astrophysics Data System}
}

@ARTICLE{Mackey2008,
   author = {{Mackey}, A.~D. and {Wilkinson}, M.~I. and {Davies}, M.~B. and 
	{Gilmore}, G.~F.},
    title = "{Black holes and core expansion in massive star clusters}",
  journal = {\mnras},
   eprint = {arXiv:0802.0513},
 keywords = {stellar dynamics , methods: N-body simulations , globular clusters: general , Magellanic Clouds},
     year = 2008,
    month = may,
   volume = 386,
    pages = {65-95},
      doi = {10.1111/j.1365-2966.2008.13052.x},
   adsurl = {http://adsabs.harvard.edu/abs/2008MNRAS.386...65M},
  adsnote = {Provided by the SAO/NASA Astrophysics Data System}
}

@ARTICLE{Merritt2004,
   author = {{Merritt}, D. and {Piatek}, S. and {Portegies Zwart}, S. and 
	{Hemsendorf}, M.},
    title = "{Core Formation by a Population of Massive Remnants}",
  journal = {\apjl},
   eprint = {arXiv:astro-ph/0403331},
 keywords = {Black Hole Physics, Galaxies: Nuclei, Gravitation, Gravitational Waves},
     year = 2004,
    month = jun,
   volume = 608,
    pages = {L25-L28},
      doi = {10.1086/422252},
   adsurl = {http://adsabs.harvard.edu/abs/2004ApJ...608L..25M},
  adsnote = {Provided by the SAO/NASA Astrophysics Data System}
}

@ARTICLE{Miller2012,
   author = {{Miller}, M.~C. and {Davies}, M.~B.},
    title = "{An Upper Limit to the Velocity Dispersion of Relaxed Stellar Systems without Massive Black Holes}",
  journal = {\apj},
archivePrefix = "arXiv",
   eprint = {1206.6167},
 primaryClass = "astro-ph.GA",
 keywords = {accretion, accretion disks, binaries: general, black hole physics, galaxies: bulges, galaxies: clusters: general, gravitation},
     year = 2012,
    month = aug,
   volume = 755,
      eid = {81},
    pages = {81},
      doi = {10.1088/0004-637X/755/1/81},
   adsurl = {http://adsabs.harvard.edu/abs/2012ApJ...755...81M},
  adsnote = {Provided by the SAO/NASA Astrophysics Data System}
}

@ARTICLE{Moody2009,
   author = {{Moody}, K. and {Sigurdsson}, S.},
    title = "{Modeling the Retention Probability of Black Holes in Globular Clusters: Kicks and Rates}",
  journal = {\apj},
   eprint = {arXiv:0809.1617},
 keywords = {binaries: general, black hole physics, globular clusters: general, stellar dynamics},
     year = 2009,
    month = jan,
   volume = 690,
    pages = {1370-1377},
      doi = {10.1088/0004-637X/690/2/1370},
   adsurl = {http://adsabs.harvard.edu/abs/2009ApJ...690.1370M},
  adsnote = {Provided by the SAO/NASA Astrophysics Data System}
}

@ARTICLE{Morscher2013,
   author = {{Morscher}, M. and {Umbreit}, S. and {Farr}, W.~M. and {Rasio}, F.~A.
	},
    title = "{Retention of Stellar-mass Black Holes in Globular Clusters}",
  journal = {\apjl},
archivePrefix = "arXiv",
   eprint = {1211.3372},
 primaryClass = "astro-ph.GA",
 keywords = {binaries: close, globular clusters: general, gravitational waves, methods: numerical, stars: kinematics and dynamics},
     year = 2013,
    month = jan,
   volume = 763,
      eid = {L15},
    pages = {L15},
      doi = {10.1088/2041-8205/763/1/L15},
   adsurl = {http://adsabs.harvard.edu/abs/2013ApJ...763L..15M},
  adsnote = {Provided by the SAO/NASA Astrophysics Data System}
}

@ARTICLE{OLeary2006,
   author = {{O'Leary}, R.~M. and {Rasio}, F.~A. and {Fregeau}, J.~M. and 
	{Ivanova}, N. and {O'Shaughnessy}, R.},
    title = "{Binary Mergers and Growth of Black Holes in Dense Star Clusters}",
  journal = {\apj},
   eprint = {arXiv:astro-ph/0508224},
 keywords = {Black Hole Physics, Galaxies: Kinematics and Dynamics, Galaxies: Star Clusters, Gravitational Waves},
     year = 2006,
    month = feb,
   volume = 637,
    pages = {937-951},
      doi = {10.1086/498446},
   adsurl = {http://adsabs.harvard.edu/abs/2006ApJ...637..937O},
  adsnote = {Provided by the SAO/NASA Astrophysics Data System}
}

@article{Peters1964,
  title = {Gravitational Radiation and the Motion of Two Point Masses},
  author = {Peters, P. C.},
  journal = {Phys. Rev.},
  volume = {136},
  issue = {4B},
  pages = {B1224--B1232},
  year = {1964},
  month = {Nov},
  doi = {10.1103/PhysRev.136.B1224},
  url = {http://link.aps.org/doi/10.1103/PhysRev.136.B1224},
  publisher = {American Physical Society}
}

@ARTICLE{Pooley2003,
   author = {{Pooley}, D. and {Lewin}, W.~H.~G. and {Anderson}, S.~F. and 
	{Baumgardt}, H. and {Filippenko}, A.~V. and {Gaensler}, B.~M. and 
	{Homer}, L. and {Hut}, P. and {Kaspi}, V.~M. and {Makino}, J. and 
	{Margon}, B. and {McMillan}, S. and {Portegies Zwart}, S. and 
	{van der Klis}, M. and {Verbunt}, F.},
    title = "{Dynamical Formation of Close Binary Systems in Globular Clusters}",
  journal = {\apjl},
   eprint = {arXiv:astro-ph/0305003},
 keywords = {Stars: Binaries: Close, Galaxy: Globular Clusters: General, X-Rays: Binaries},
     year = 2003,
    month = jul,
   volume = 591,
    pages = {L131-L134},
      doi = {10.1086/377074},
   adsurl = {http://adsabs.harvard.edu/abs/2003ApJ...591L.131P},
  adsnote = {Provided by the SAO/NASA Astrophysics Data System}
}

@ARTICLE{PortegiesZwart2000,
   author = {{Portegies Zwart}, S.~F. and {McMillan}, S.~L.~W.},
    title = "{Black Hole Mergers in the Universe}",
  journal = {\apjl},
   eprint = {arXiv:astro-ph/9910061},
 keywords = {STARS: BINARIES: CLOSE, GALAXY: GLOBULAR CLUSTERS: GENERAL, GRAVITATION, METHODS: N-BODY SIMULATIONS, STARS: EVOLUTION, STARS: KINEMATICS},
     year = 2000,
    month = jan,
   volume = 528,
    pages = {L17-L20},
      doi = {10.1086/312422},
   adsurl = {http://adsabs.harvard.edu/abs/2000ApJ...528L..17P},
  adsnote = {Provided by the SAO/NASA Astrophysics Data System}
}

@ARTICLE{Prestwich2007,
   author = {{Prestwich}, A.~H. and {Kilgard}, R. and {Crowther}, P.~A. and 
	{Carpano}, S. and {Pollock}, A.~M.~T. and {Zezas}, A. and {Saar}, S.~H. and 
	{Roberts}, T.~P. and {Ward}, M.~J.},
    title = "{The Orbital Period of the Wolf-Rayet Binary IC 10 X-1: Dynamic Evidence that the Compact Object Is a Black Hole}",
  journal = {\apjl},
   eprint = {arXiv:0709.2892},
 keywords = {Galaxies: Starburst, Stars: Wolf-Rayet, X-Rays: Binaries, X-Rays: Galaxies},
     year = 2007,
    month = nov,
   volume = 669,
    pages = {L21-L24},
      doi = {10.1086/523755},
   adsurl = {http://adsabs.harvard.edu/abs/2007ApJ...669L..21P},
  adsnote = {Provided by the SAO/NASA Astrophysics Data System}
}

@ARTICLE{Repetto2012,
   author = {{Repetto}, S. and {Davies}, M.~B. and {Sigurdsson}, S.},
    title = "{Investigating stellar-mass black hole kicks}",
  journal = {\mnras},
archivePrefix = "arXiv",
   eprint = {1203.3077},
 primaryClass = "astro-ph.GA",
 keywords = {black hole physics, binaries: general, stars: neutron, supernovae: general, Galaxy: kinematics and dynamics, X-rays: binaries},
     year = 2012,
    month = oct,
   volume = 425,
    pages = {2799-2809},
      doi = {10.1111/j.1365-2966.2012.21549.x},
   adsurl = {http://adsabs.harvard.edu/abs/2012MNRAS.425.2799R},
  adsnote = {Provided by the SAO/NASA Astrophysics Data System}
}

@ARTICLE{Sadowski2008,
   author = {{Sadowski}, A. and {Belczynski}, K. and {Bulik}, T. and {Ivanova}, N. and 
	{Rasio}, F.~A. and {O'Shaughnessy}, R.},
    title = "{The Total Merger Rate of Compact Object Binaries in the Local Universe}",
  journal = {\apj},
   eprint = {arXiv:0710.0878},
 keywords = {Stars: Binaries: Close, Black Hole Physics, Galaxy: Globular Clusters: General, Gravitational Waves, Stars: Evolution, Stellar Dynamics},
     year = 2008,
    month = apr,
   volume = 676,
    pages = {1162-1169},
      doi = {10.1086/528932},
   adsurl = {http://adsabs.harvard.edu/abs/2008ApJ...676.1162S},
  adsnote = {Provided by the SAO/NASA Astrophysics Data System}
}

@ARTICLE{Shih2010,
   author = {{Shih}, I.~C. and {Kundu}, A. and {Maccarone}, T.~J. and {Zepf}, S.~E. and 
	{Joseph}, T.~D.},
    title = "{A Variable Black Hole X-ray Source in an NGC 1399 Globular Cluster}",
  journal = {\apj},
   eprint = {arXiv:1007.4768},
 primaryClass = "astro-ph.HE",
 keywords = {galaxies: individual: NGC 1399, galaxies: star clusters: general, X-rays: binaries},
     year = 2010,
    month = sep,
   volume = 721,
    pages = {323-328},
      doi = {10.1088/0004-637X/721/1/323},
   adsurl = {http://adsabs.harvard.edu/abs/2010ApJ...721..323S},
  adsnote = {Provided by the SAO/NASA Astrophysics Data System}
}

@ARTICLE{Sigurdsson1993,
   author = {{Sigurdsson}, S. and {Hernquist}, L.},
    title = "{Primordial black holes in globular clusters}",
  journal = {\nat},
 keywords = {BINARY STARS, BLACK HOLES (ASTRONOMY), GLOBULAR CLUSTERS, RED GIANT STARS, STELLAR EVOLUTION, MASSIVE STARS, METALLICITY, STELLAR CORES, STELLAR ENVELOPES},
     year = 1993,
    month = jul,
   volume = 364,
    pages = {423-425},
      doi = {10.1038/364423a0},
   adsurl = {http://adsabs.harvard.edu/abs/1993Natur.364..423S},
  adsnote = {Provided by the SAO/NASA Astrophysics Data System}
}

@ARTICLE{Silverman2008,
   author = {{Silverman}, J.~M. and {Filippenko}, A.~V.},
    title = "{On IC 10 X-1, the Most Massive Known Stellar-Mass Black Hole}",
  journal = {\apjl},
   eprint = {arXiv:0802.2716},
 keywords = {Black Hole Physics, Galaxies: Starburst, Stars: Wolf-Rayet, X-Rays: Binaries},
     year = 2008,
    month = may,
   volume = 678,
    pages = {L17-L20},
      doi = {10.1086/588096},
   adsurl = {http://adsabs.harvard.edu/abs/2008ApJ...678L..17S},
  adsnote = {Provided by the SAO/NASA Astrophysics Data System}
}


@ARTICLE{Sippel2013,
   author = {{Sippel}, A.~C. and {Hurley}, J.~R.},
    title = "{Multiple stellar-mass black holes in globular clusters: theoretical confirmation}",
  journal = {\mnras},
archivePrefix = "arXiv",
   eprint = {1211.6608},
 primaryClass = "astro-ph.GA",
 keywords = {methods: numerical, stars: kinematics and dynamics, stars: mass-loss, globular clusters: general, globular clusters: individual: M22},
     year = 2013,
    month = mar,
   volume = 430,
    pages = {L30-L34},
      doi = {10.1093/mnrasl/sls044},
   adsurl = {http://adsabs.harvard.edu/abs/2013MNRAS.430L..30S},
  adsnote = {Provided by the SAO/NASA Astrophysics Data System}
}

@ARTICLE{Spitzer1969,
   author = {{Spitzer}, Jr., L.},
    title = "{Equipartition and the Formation of Compact Nuclei in Spherical Stellar Systems}",
  journal = {\apjl},
     year = 1969,
    month = dec,
   volume = 158,
    pages = {L139},
      doi = {10.1086/180451},
   adsurl = {http://adsabs.harvard.edu/abs/1969ApJ...158L.139S},
  adsnote = {Provided by the SAO/NASA Astrophysics Data System}
}

@ARTICLE{Strader2012,
   author = {{Strader}, J. and {Chomiuk}, L. and {Maccarone}, T.~J. and {Miller-Jones}, J.~C.~A. and 
	{Seth}, A.~C.},
    title = "{Two stellar-mass black holes in the globular cluster M22}",
  journal = {\nat},
   eprint = {arXiv:1210.0901},
 primaryClass = "astro-ph.HE",
     year = 2012,
    month = oct,
   volume = 490,
    pages = {71-73},
      doi = {10.1038/nature11490},
   adsurl = {http://adsabs.harvard.edu/abs/2012Natur.490...71S},
  adsnote = {Provided by the SAO/NASA Astrophysics Data System}
}

@ARTICLE{Wong2012,
   author = {{Wong}, T.-W. and {Valsecchi}, F. and {Fragos}, T. and {Kalogera}, V.
	},
    title = "{Understanding Compact Object Formation and Natal Kicks. III. The Case of Cygnus X-1}",
  journal = {\apj},
   eprint = {arXiv:1107.5585},
 primaryClass = "astro-ph.HE",
 keywords = {binaries: close, X-rays: binaries, X-rays: individual: Cygnus X-1},
     year = 2012,
    month = mar,
   volume = 747,
      eid = {111},
    pages = {111},
      doi = {10.1088/0004-637X/747/2/111},
   adsurl = {http://adsabs.harvard.edu/abs/2012ApJ...747..111W},
  adsnote = {Provided by the SAO/NASA Astrophysics Data System}
}
