@article{2013MNRAS.432.2779B,
author = {Breen, Philip G and Heggie, Douglas C},
title = {{Dynamical evolution of black hole subsystems in idealized star clusters}},
journal = {Monthly Notices of the Royal Astronomical Society},
year = {2013},
volume = {432},
number = {4},
pages = {2779--2797},
month = jul
}

@article{2005MNRAS.358..572I,
author = {Ivanova, N and Belczynski, K and Fregeau, J M and Rasio, F A},
title = {{The evolution of binary fractions in globular clusters}},
journal = {Monthly Notices of the Royal Astronomical Society},
year = {2005},
volume = {358},
number = {2},
pages = {572--584},
month = apr
}

@article{Joshi:2000tv,
author = {Joshi, K J and Rasio, F A and Zwart, S P},
title = {{Monte Carlo simulations of globular cluster evolution. I. Method and test calculations}},
journal = {The Astrophysical Journal},
year = {2000}
}
